@ARTICLE{VHDL, 
author={}, 
journal={IEEE Std 1076-2008 (Revision of IEEE Std 1076-2002)}, 
title={IEEE Standard VHDL Language Reference Manual}, 
year={2009}, 
volume={}, 
number={}, 
pages={c1-626}, 
keywords={hardware description languages;IEEE standard;VHDL language reference manual;VHSIC hardware description language;formal notation;electronic systems;IEEE Standards;Hardware design languages;Computer languages;computer languages;electronic systems;hardware;hardware design;VHDL}, 
doi={10.1109/IEEESTD.2009.4772740}, 
ISSN={}, 
month={Jan},}

@BOOK{HLS, 
author={Philippe Coussy, Adam Morawiec}, 
title={High-Level Synthesis}, 
publisher={Springer, Dordrecht},
year={2008},}

@misc{AXI, 
author={Xilinx}, 
title={AXI Reference Guide},
howpublished={\url{https://www.xilinx.com/support/documentation/ip_documentation/axi_ref_guide/v13_4/ug761_axi_reference_guide.pdf}},
year={2012},}
