@misc{FMI, 
author={Modelica}, 
title={The Functional Mockup Interface for Tool independent Exchange of Simulation Models},
howpublished={\url{https://svn.modelica.org/fmi/branches/public/docs/Modelica2011/The_Functional_Mockup_Interface.pdf}},
year={2011},}

@misc{PyFMI, 
author={Modelon AB}, 
title={Python PyFMI package for loading and interacting with Functional Mock-Up Units},
howpublished={\url{https://pypi.org/project/PyFMI/}},
year={2018},}
